@article{Jankowski1967,
  author       = {K. Jankowski},
  title        = {A Perturbation Treatment of the Many-Electron Problem},
  journal      = {Acta Phys. Pol.},
  year         = {1967},
  volume       = {XXXII},
  pages        = {421}
}

@article{Jankowski1970,
  author       = {K. Jankowski},
  title        = {A Perturbation Treatment of the Many-Electron Problem II. Third Order Solutions for the Ground State of Heliumlike Systems},
  journal      = {Acta Phys. Pol., A},
  year         = {1970},
  volume       = {37},
  pages        = {669}
}
